<record><leader>00000cas a22000007a 4500</leader><controlfield tag="001">24204234</controlfield><controlfield tag="008">910808d18911892coudn ne      0    0eng d</controlfield><datafield ind1=" " ind2=" " tag="010"><subfield code="a">sn 91052623 </subfield></datafield><datafield ind1=" " ind2=" " tag="040"><subfield code="a">CNQ</subfield><subfield code="b">eng</subfield><subfield code="c">CNQ</subfield><subfield code="d">OCLCQ</subfield></datafield><datafield ind1=" " ind2=" " tag="042"><subfield code="a">msc</subfield></datafield><datafield ind1="0" ind2="4" tag="245"><subfield code="a">The Avalanche in it daily.</subfield></datafield><datafield ind1=" " ind2=" " tag="260"><subfield code="a">Glenwood Springs, Colo. :</subfield><subfield code="b">H.J. Holmes</subfield></datafield><datafield ind1=" " ind2=" " tag="300"><subfield code="a">v.</subfield></datafield><datafield ind1=" " ind2=" " tag="310"><subfield code="a">Daily (except Mon.)</subfield></datafield><datafield ind1="0" ind2=" " tag="362"><subfield code="a">Vol. 1, no. 1 (May 6, 1891)-v. 1, no. 310 (May 5, 1892).</subfield></datafield><datafield ind1=" " ind2=" " tag="530"><subfield code="a">Available on microfilm from the Colorado Historical Society.</subfield></datafield><datafield ind1=" " ind2=" " tag="580"><subfield code="a">Weekly eds.: Avalanche (Carbondale, Colo. : 1888), May 6, 1891-May 31, 1891, and: Avalanche and Glenwood echo, June 5, 1891-Sept. 4, 1891, and: Avalanche echo, Sept. 11, 1891-May 5, 1892.</subfield></datafield><datafield ind1=" " ind2=" " tag="752"><subfield code="a">United States</subfield><subfield code="b">Colorado</subfield><subfield code="c">Garfield</subfield><subfield code="d">Glenwood Springs.</subfield></datafield><datafield ind1="1" ind2=" " tag="775"><subfield code="t">Avalanche (Carbondale, Colo. : 1888)</subfield><subfield code="w">(DLC)sn 90051371</subfield></datafield><datafield ind1="1" ind2=" " tag="775"><subfield code="t">Avalanche and Glenwood echo</subfield><subfield code="w">(DLC)sn 90051370</subfield></datafield><datafield ind1="1" ind2=" " tag="775"><subfield code="t">Avalanche echo</subfield><subfield code="w">(DLC)sn 91052099</subfield></datafield><datafield ind1="0" ind2="0" tag="785"><subfield code="t">Avalanche (Glenwood Springs, Colo.)</subfield><subfield code="w">(DLC)sn 91052103</subfield></datafield></record>